@online{Zerfallsschema,
  title = {The Origin of 44 Ti},
  author = {Roland Diehl},
  url = {http://www2011.mpe.mpg.de/gamma/science/lines/44Ti/44Ti_science.html},
  urldate = {2019-04-21},
}

@book{Anleitung,
  title = {Lebensdauermessung eines Gamma-Niveaus},
  author = {WWU Münster}
}
