@online{Anleitung,
  title = {FD Praktikum, Rasterkraftmikroskopie: Oberflächenuntersuchung auf Nanoskalen},
  author = {Westfälische Wilhelms-Universität Physikalisches Institut},
  url = {https://sso.uni-muenster.de/Physik.PI/Institut/Studieren/ExpUeb/Bachelor/Anleitungen/anleitungen_exp_ueb_2_ws.html},
  urldate = {2018-11-18},
}

@online{CD,
  title = {The physics of the compact disc},
  author = {John A Cope},
  url = {https://www.physik.uni-wuerzburg.de/fileadmin/physik-fpraktikum/_imported/fileadmin/11999999/AFM/The_Physics_of_the_Compact_Disc.pdf},
  urldate = {2018-11-18},
}
@online{DVD,
  title = {DVD - Digital Versatile Disc},
  author = {Elektronik Kompendium},
  url = {http://www.elektronik-kompendium.de/sites/com/0507171.htm},
  urldate = {2018-11-18},
}
@online{blu,
  title = {Blu-ray Disc – FAQ},
  author = {Hardware Journal},
  url = {https://www.hardwarejournal.de/blu-ray-disc-faq.html},
  urldate = {2018-11-18},
}