@online{Anleitung,
  title = {Energiedispersive Röntgenspektroskopie EDX},
  author = {Physikalisches Institut WWU},
  url = {https://sso.uni-muenster.de/imperia/md/content/physik_pi/institut/studieren/expueb/info_fp/edx_12_10_04.pdf},
  urldate = {2018-11-01},
}