@online{Grossberger,
  title = {Interpretation eines Gamma-Spektrums am Beispiel von Cs-137 },
  author = {Grossberger},
  url = {http://www.grossberger.net/atomphysik/gamma1.html},
  urldate = {2019-05-25},
}

@book{Anleitung,
  title = {NaJ(TI)- und Ge-Detektoren},
  date = {2019-05-25},
  author = {WWU MÃ¼nster}
}

@online{XRAYDB,
  title = {X-Ray Transition Energies Database},
  author = {NIST},
  url = {https://www.nist.gov/pml/x-ray-transition-energies-database},
  urldate = {2019-05-25},
}
