@online{PVC-Brech,
  title = {Polyvinylchlorid - unplastifiziert (UPVC) Materialinformationen},
  author = {Goodfellow GmbH},
  url = {http://www.goodfellow.com/G/Polyvinylchlorid-unplastifiziert.html},
  urldate = {2018-06-17},
}

@online{Geometrie,
  title = {O2 - Mikrowellen},
  author = {WWU Münster},
  url = {https://sso.uni-muenster.de/LearnWeb/learnweb2/course/view.php?id=28561&section=20},
  urldate = {2018-06-17},
}

@online{displayHelix,
  title = {Experimentelle Übungen für Fortgeschrittene; Aufgaben im Institut für Materialphysik; Orientierungsordnung in Flüssigkristallschichten},
  author = {Universität Münster},
  date = {2017-04-19},
  url = {https://sso.uni-muenster.de/LearnWeb/learnweb2/pluginfile.php/1624127/mod_folder/content/0/MP5/MP5_Anleitung-de.pdf?forcedownload=1},
  urldate = {2019-01-06},
}

@book{ JTZ,
	title = {Laborbuch},
	author = {Jannik Tim Zarnitz, Chris Lippe},
	date = {2018-11-26}
	}