@online{GlasFormula,
	title={Michelson-Interferometer},
	author ={L.Jahn and H.Lichte and E.Koske and R.Schwierz},
	url = {https://tu-dresden.de/mn/physik/ressourcen/dateien/studium/lehrveranstaltungen/praktika/pdf/IF.pdf?lang=de},
	urldate = {2018-11-23},
}
@online{Anleitung,
  title = {FD Praktikum, Michelson-Interferometer Inferometrische Bestimmung der Brechungsindizes von Luft und CO2},
  author = {Westfälische Wilhelms-Universität Physikalisches Institut},
  url = {https://sso.uni-muenster.de/Physik.PI/Institut/Studieren/ExpUeb/Bachelor/Anleitungen/anleitungen_exp_ueb_2_ws.html},
  urldate = {2018-12-01},
}
@online{Brechungsindizes,
  title = {Refractive index database},
  author = {Mikhail Polyanskiy},
  url = {https://refractiveindex.info/?shelf=glass&book=BAF10&page=SCHOTT},
  urldate = {2018-12-02},
}
