@online{PVC-Brech,
  title = {Polyvinylchlorid - unplastifiziert (UPVC) Materialinformationen},
  author = {Goodfellow GmbH},
  url = {http://www.goodfellow.com/G/Polyvinylchlorid-unplastifiziert.html},
  urldate = {2018-06-17},
}

@online{Geometrie,
  title = {O2 - Mikrowellen},
  author = {WWU Münster},
  url = {https://sso.uni-muenster.de/LearnWeb/learnweb2/course/view.php?id=28561&section=20},
  urldate = {2018-06-17},
}

@article{Luk2004,
  doi = {10.1080/02678290410001666020},
  url = {https://doi.org/10.1080/02678290410001666020},
  year  = {2004},
  month = {may},
  publisher = {Informa {UK} Limited},
  volume = {31},
  number = {5},
  pages = {611--621},
  author = {Yan-Yeung Luk and Sean F. Campbell and Nicholas L. Abbott and Christopher J. Murphy},
  title = {Non-toxic thermotropic liquid crystals for use with mammalian cells},
  journal = {Liquid Crystals}
}
