@online{PVC-Brech,
  title = {Polyvinylchlorid - unplastifiziert (UPVC) Materialinformationen},
  author = {Goodfellow GmbH},
  url = {http://www.goodfellow.com/G/Polyvinylchlorid-unplastifiziert.html},
  urldate = {2018-06-17},
}

@online{Geometrie,
  title = {O2 - Mikrowellen},
  author = {WWU Münster},
  url = {https://sso.uni-muenster.de/LearnWeb/learnweb2/course/view.php?id=28561&section=20},
  urldate = {2018-06-17},
}

@book{Anleitung,
  title = {Experiment: Mikrowellen - Bauelemente und stehende Wellen in Koaxialkabeln},
  author = {Institut für Angewandte Physik der Westfälischen Wilhelms-Universität Münster},
  }

@book{Hippel,
  title = {Dielectric Materials and Applications},
  author = {Arthur von Hippel},
  publisher = {Artech House, Boston MA},
  year = {1995},
}
