@online{PVC-Brech,
  title = {Polyvinylchlorid - unplastifiziert (UPVC) Materialinformationen},
  author = {Goodfellow GmbH},
  url = {http://www.goodfellow.com/G/Polyvinylchlorid-unplastifiziert.html},
  urldate = {2018-06-17},
}

@online{Leifi,
  title = {Gammaspektrum von Cs-137},
  author = {Leifi Physik},
  url = {https://www.leifiphysik.de/kern-teilchenphysik/radioaktivitaet-fortfuehrung/versuche/gammaspektrum-von-cs-137},
  urldate = {2019-05-19},
}
@book{Anleitung,
  title = {Praktikumsversuch - $\beta$-Zerfall},
  author = {WWU Münster}
}
