@online{radius_enthalpie,
  title = {Erstarrung},
  publisher = {Spektrum Akademischer Verlag, Heidelberg},
  url = {https://www.spektrum.de/lexikon/physik/erstarrung/4509},
  urldate = {2019-01-19},
}

@online{anleitung,
  title = {MP6 - Metallische Gläser},
  author = {Westfälische Wilhelms-Universität Institut für Materialphysik},
  url = {https://sso.uni-muenster.de/LearnWeb/learnweb2/pluginfile.php/1624127/mod_folder/content/0/MP6/MP6%20Metallische%20Glaeser%202017%20engl.pdf?forcedownload=1},
  urldate = {2019-01-19},
}
