@online{PVC-Brech,
  title = {Polyvinylchlorid - unplastifiziert (UPVC) Materialinformationen},
  author = {Goodfellow GmbH},
  url = {http://www.goodfellow.com/G/Polyvinylchlorid-unplastifiziert.html},
  urldate = {2018-06-17},
}

@online{anleitung,
  title = {Eigenschaften der Solarzelle},
  author = {Aufgaben im Institut für Materialphysik},
  url = {https://sso.uni-muenster.de/LearnWeb/learnweb2/pluginfile.php/1624127/mod_folder/content/0/MP1/MP1-Solarzelle-Apr15-de.pdf?forcedownload=1},
  urldate = {2019-02-10},
}
